

@online{wolfram_universal_T_machine,
	title = {Universal Turing Machines},
	note = "\\http://mathworld.wolfram.com/UniversalTuringMachine.html"
}

@book{Intro_Automatas,
	title = {Introducción a la Teoría de Autómatas,Lenguajes y Computación},
	volume = {2},
	isbn = {84-782-9056-7},
	publisher = {Addison Wesley},
	author = {John E. Hopcroft, Rajeev Motwani, Jeffrey D. Ullman}
}

@book{Historia_IA,
	title = {Inteligencia Artificial, Inteligencia Computacional y Big Data},
	volume = {1},
	isbn = {8484398919},
	publisher = {universidad de Jaen},
	author = {Francisco Herrera Triguero}
}

@online{accidentally_turing_complete,
	title = {Accidentally Turing Complete},
	note = "\\ http://aurellem.org/vba-clojure/html/total-control.html"
}


@article{Conway_game,
	title = {El juego de la vida},
	note = "\\http://eprints.uwe.ac.uk/22323/1/thesis.pdf"
}

@online{accidentally_turing_complete,
	title = {Máquinas Simples},
	note = "\\https://www.britannica.com/technology/simple-machine"
}

@online{accidentally_turing_complete,
	title = {Conceptos varios},
	note = "\\https://www.wikipedia.com"
}

%@article{tcp_finite_automata,
	title = {Protocólos de comunicación y AFD's},
	note = "\\ \href{https://www.researchgate.net/publication/277272275_Implementacion_de_un_Protocolo_Basico_de_Comunicacion_BaCoP_sobre_Redes_TCPIP_dedicado_al_Control_en_MicroBlaze}{Enlace de descarga}"
}

@article{habitacion_china,
	title = {La habitación china},
	note = "\\ \href{www.zubiri.org/general/xzreview/2007/pdf/carrio\_07.pdf}{Enlace de descarga}"
}
