
@inreference{timeline_wikipedia,
	title = {Timeline Wikipedia},
	note = "https://en.wikipedia.org/wiki/Robotics\#History",
	abstract = {Timeline de la historia de la robótica para hacernos una idea de las secciones del trabajo.},
	booktitle = {Wikipedia}
}

@book{robotics_research,
	title = {Robotics Research},
	volume = {1},
	isbn = {978-3-319-51532-8},
	publisher = {Springer},
	author = {Antonio Bicchi, Wolfram Burgard}
}

@unpublished{historia_robotica_ottawa,
	title = {Historia de la robótica de la universidad de Ottawa},
	note = "https://www.site.uottawa.ca/\~rabielmo/miniCourse06/lecture1.pdf",
	author = {Rami Abielmona}
}

@online{robotshop_timeline,
	title = {Timeline Robotshop},
	note = "https://www.robotshop.com/media/files/PDF/timeline.pdf"
}

@online{historia_ia_bruno,
	title = {Historia de la {IA}},
	note = "https://bruno-sm.github.io/2018-07-29-historia-de-la-ia/",
	author = {Bruno Santidrián}
}

@inreference{sri_wikipedia,
	title = {{SRI} International},
	note = "https://en.wikipedia.org/wiki/SRI\_International",
	booktitle = {Wikipedia}
}

@inreference{mit_ia_wikipedia,
	title = {Laboratorios de {IA} del {MIT}},
	note = "https://en.wikipedia.org/wiki/MIT\_Computer\_Science\_and\_Artificial\_Intelligence\_Laboratory",
	booktitle = {Wikipedia}
}

@misc{robotics_institute,
	title = {Robotics Institute},
	note = "https://www.ri.cmu.edu/"
}

@inreference{robotics_institute_wikipedia,
	title = {Robotics Institute},
	note = "https://en.wikipedia.org/wiki/Robotics\_Institute",
	booktitle = {Wikipedia}
}

@inreference{carnegie_mellon_university,
	title = {Carnegie Mellon University},
	note = "https://en.wikipedia.org/wiki/Carnegie\_Mellon\_University",
	booktitle = {Wikipedia}
}
