% Bibliografía Nacho

@inreference{noauthor_timeline_nodate,
	title = {Timeline Wikipedia},
	note = "\href{https://en.wikipedia.org/wiki/Robotics\#History}{Link}",
	abstract = {Timeline de la historia de la robótica para hacernos una idea de las secciones del trabajo.},
	booktitle = {Wikipedia}
}

@book{antonio_bicchi_robotics_nodate,
	title = {Robotics Research},
	volume = {1},
	isbn = {978-3-319-51532-8},
	publisher = {Springer},
	author = {Antonio Bicchi, Wolfram Burgard}
}

@unpublished{rami_abielmona_historia_nodate,
	title = {Historia de la robótica de la universidad de Ottawa},
	note = "\href{https://www.site.uottawa.ca/\~rabielmo/miniCourse06/lecture1.pdf}{Link}",
	author = {Rami Abielmona}
}

@online{noauthor_timeline_nodate-1,
	title = {Timeline Robotshop},
	note = "\href{https://www.robotshop.com/media/files/PDF/timeline.pdf}{Link}"
}

@online{bruno_santidrian_historia_nodate,
	title = {Historia de la {IA}},
	note = "\href{https://bruno-sm.github.io/2018-07-29-historia-de-la-ia/}{Link}",
	author = {Bruno Santidrián}
}

@inreference{noauthor_sri_nodate,
	title = {{SRI} International},
	note = "\href{https://en.wikipedia.org/wiki/SRI\_International}{Link}",
	booktitle = {Wikipedia}
}

@inreference{noauthor_laboratorios_nodate,
	title = {Laboratorios de {IA} del {MIT}},
	note = "\href{https://en.wikipedia.org/wiki/MIT\_Computer\_Science\_and\_Artificial\_Intelligence\_Laboratory}{Link}",
	booktitle = {Wikipedia}
}

@misc{noauthor_robotics_nodate,
	title = {Robotics Institute},
	note = "\href{https://www.ri.cmu.edu/}{Link}"
}

@inreference{noauthor_robotics_nodate-1,
	title = {Robotics Institute},
	note = "\href{https://en.wikipedia.org/wiki/Robotics\_Institute}{Link}",
	booktitle = {Wikipedia}
}

@inreference{noauthor_carnegie_nodate,
	title = {Carnegie Mellon University},
	note = "\href{https://en.wikipedia.org/wiki/Carnegie\_Mellon\_University}{Link}",
	booktitle = {Wikipedia}
}

@inreference{noauthor_vehiculo_nodate,
	title = {Vehículo Sandstorm},
	note = "\href{https://en.wikipedia.org/wiki/Sandstorm\_(vehicle)}{Link}",
	booktitle = {Wikipedia}
}

@inreference{noauthor_vehiculo_nodate-1,
	title = {Vehículo Highlander},
	note = "\href{https://en.wikipedia.org/wiki/H1ghlander}{Link}",
	booktitle = {Wikipedia}
}

@article{noauthor_wabot_nodate,
	title = {{WABOT}},
	note = "\href{http://www.humanoid.waseda.ac.jp/booklet/kato\_2.html}{Link}"
}

@article{noauthor_stanford_nodate,
	title = {Stanford Arm},
	note = "\href{http://infolab.stanford.edu/pub/voy/museum/pictures/display/1-Robot.htm}{Link}"
}

@online{noauthor_t3_nodate,
	title = {T3 lakshmimenon},
	note = "\href{https://lakshmimenon.wordpress.com/2009/07/26/cincinnati-milacron-t3-robot-arm/}{Link}"
}

@online{noauthor_t3_nodate-1,
	title = {T3 anil89cs},
	note = "\href{https://anil89cs.wordpress.com/2009/07/26/cincinnati-milacron-t3-robot-arm/}{Link}"
}

@article{noauthor_computerhistory_nodate,
	title = {{ComputerHistory} T3},
	note = "\href{http://www.computerhistory.org/collections/catalog/102640478}{Link}"
}

@inreference{noauthor_puma_nodate,
	title = {{PUMA}},
	note = "\href{https://en.wikipedia.org/wiki/Programmable\_Universal\_Machine\_for\_Assembly}{Link}",
	booktitle = {Wikipedia}
}

@article{noauthor_archive_nodate,
	title = {Archive {PUMA}},
	note = "\href{https://web.archive.org/web/20080228225812/\\http://www.roboticsonline.com/public/articles/details.cfm?id=729}{Link}"
}

@article{noauthor_acmvi_nodate,
	title = {{ACMVI}},
	note = "\href{https://www.computerhistory.org/revolution/artificial-intelligence-robotics/13/293/1280}{Link}"
}

@inreference{noauthor_shigeo_nodate,
	title = {Shigeo Hirose},
	note = "\href{https://en.wikipedia.org/wiki/Shigeo\_Hirose}{Link}",
	booktitle = {Wikipedia}
}

@inreference{noauthor_scara_nodate,
	title = {{SCARA}},
	note = "\href{https://en.wikipedia.org/wiki/SCARA}{Link}",
	booktitle = {Wikipedia}
}

@article{noauthor_scara_nodate-1,
	title = {{SCARA} machinedesign},
	note = "\href{https://www.machinedesign.com/motion-control/difference-between-cartesian-six-axis-and-scara-robots}{Link}"
}

@article{noauthor_scara_nodate-2,
	title = {{SCARA} Yamaha},
	note = "\href{https://global.yamaha-motor.com/business/robot/lineup/application/ykxg/index.html}{Link}"
}

@article{noauthor_scara_nodate-3,
	title = {{SCARA} Toshiba Machines Robotics},
	note = "\href{http://www.tmrobotics.co.uk/scara-robot-range/}{Link}"
}

@inreference{noauthor_brazos_nodate,
	title = {Brazos Robóticos},
	note = "\href{https://en.wikipedia.org/wiki/Robotic\_arm}{Link}",
	booktitle = {Wikipedia}
}

@article{noauthor_rb5x_nodate,
	title = {{RB}5x cyberneticzoo},
	note = "\href{http://cyberneticzoo.com/robots/1982-rb5x-the-intelligent-robot-joseph-bosworth-american/}{Link}"
}

@inreference{noauthor_rb5x_nodate-1,
	title = {{RB}5X},
	note = "\href{https://en.wikipedia.org/wiki/RB5X}{Link}",
	booktitle = {Wikipedia}
}

@article{noauthor_rb_nodate,
	title = {{RB} Robotics {RB}5X},
	note = "\href{http://www.rbrobotics.com/Products/RB5X.htm}{Link}"
}

@article{noauthor_stanford_nodate-1,
	title = {Stanford Cart cyberneticzoo},
	note = "\href{http://cyberneticzoo.com/cyberneticanimals/1960-stanford-cart-american/}{Link}"
}

@article{noauthor_phony_nodate,
	title = {Phony Pony},
	note = "\href{http://cyberneticzoo.com/walking-machines/1968-phony-pony-frank-mcghee-american/}{Link}"
}

@article{noauthor_wap_nodate,
	title = {{WAP} researchgate},
	note = "\href{https://www.researchgate.net/figure/Biped-robots-WAP-1-left-and-WL-9DR-right\_fig7\_258995388}{Link}"
}

@article{noauthor_wap_nodate-1,
	title = {{WAP} waseda},
	note = "\href{http://www.humanoid.waseda.ac.jp/booklet/kato\_4.html}{Link}"
}

@article{noauthor_wap_nodate-2,
	title = {{WAP} cyberneticzoo},
	note = "\href{http://cyberneticzoo.com/walking-machines/1967-71-waseda-anthropomorphic-pneumatically-activated-pedipulators-ichiro-kato-japanese/}{Link}"
}

@article{noauthor_asimo_nodate,
	title = {{ASIMO} Honda},
	note = "\href{https://www.honda.mx/asimo/}{Link}"
}

@inreference{noauthor_asimo_nodate-1,
	title = {{ASIMO}},
	note = "\href{https://en.wikipedia.org/wiki/ASIMO}{Link}",
	booktitle = {Wikipedia}
}

@article{noauthor_honda_nodate,
	title = {Honda serie P robotsvoice},
	note = "\href{http://www.robotsvoice.com/honda-p2-and-p3/}{Link}"
}

@inreference{noauthor_honda_nodate-1,
	title = {Honda P},
	note = "\href{https://en.wikipedia.org/wiki/Honda\_P\_series}{Link}",
	booktitle = {Wikipedia}
}

@inreference{noauthor_honda_nodate-2,
	title = {Honda E},
	note = "\href{https://en.wikipedia.org/wiki/Honda\_E\_series}{Link}",
	booktitle = {Wikipedia}
}

@report{noauthor_informe_nodate,
	location = {Japón},
	title = {Informe del Instituto de Puertos sobre el Aquarobot},
	note = "\href{http://www.iaarc.org/publications/fulltext/Field\\\_test\_of\_Aquatic\_walking\_robot\_for\_underwater\_inspection.pdf}{Link}",
	type = {Técnico}
}

@article{noauthor_aquarobot_nodate,
	title = {Aquarobot cyberneticzoo},
	note = "\href{http://cyberneticzoo.com/underwater-robotics/1985-aquarobot-aquatic-walking-robot-japanese/}{Link}"
}

@article{hun-ok_lim_walking_2007,
	title = {Walking machines},
	volume = {365},
	note = "\href{https://www.jstor.org/stable/25190427?read-now=1\&seq=2\#page\_scan\_tab\_contents}{Link}",
	pages = {16},
	number = {1850},
	journaltitle = {Philosophical Transactions: Mathematical, Physical and Engineering Sciences Royal Society},
	author = {Hun-ok Lim, Atsuo Takanishi},
	date = {2007-01-15}
}

@article{manuel_f._silva_historical_2007,
	title = {A Historical Perspective of Legged Robots},
	note = "\href{https://www.researchgate.net/publication/\\258995388\_A\_Historical\_Perspective\_of\_Legged\_Robots}{Link}",
	doi = {10.1177/1077546307078276},
	journaltitle = {Journal of Vibration and Control},
	author = {Manuel F. Silva, Jose A. Tenreiro Machado},
	date = {2007-09}
}

@inreference{noauthor_packbot_nodate,
	title = {{PackBot}},
	note = "\href{https://en.wikipedia.org/wiki/PackBot}{Link}",
	booktitle = {Wikipedia}
}

@inreference{noauthor_irobot_nodate,
	title = {{iRobot}},
	note = "\href{https://en.wikipedia.org/wiki/IRobot\#History}{Link}",
	booktitle = {Wikipedia}
}

@inreference{noauthor_wikipedia_nodate,
	title = {Wikipedia Roomba},
	note = "\href{https://en.wikipedia.org/wiki/Roomba}{Link}",
	booktitle = {Wikipedia}
}

@inreference{noauthor_robots_nodate,
	title = {Robots {NASA}},
	note = "\href{https://en.wikipedia.org/wiki/NASA\_robots}{Link}",
	booktitle = {Wikipedia}
}

@inreference{noauthor_robonaut_nodate,
	title = {Robonaut},
	note = "\href{https://en.wikipedia.org/wiki/Robonaut}{Link}",
	booktitle = {Wikipedia}
}

@article{noauthor_robonaut_nodate-1,
	title = {Robonaut {NASA}},
	note = "\href{https://robonaut.jsc.nasa.gov/R2/}{Link}"
}

@article{noauthor_rassor_nodate,
	title = {{RASSOR} {NASA}},
	note = "\href{https://technology.nasa.gov/patent/KSC-TOPS-7}{Link}"
}

@inreference{noauthor_spidernaut_nodate,
	title = {Spidernaut},
	note = "\href{https://en.wikipedia.org/wiki/Spidernaut}{Link}",
	booktitle = {Wikipedia}
}

@inreference{noauthor_dextre_nodate,
	title = {Dextre},
	note = "\href{https://en.wikipedia.org/wiki/Dextre}{Link}",
	booktitle = {Wikipedia}
}

@inreference{noauthor_athlete_nodate,
	title = {{ATHLETE}},
	note = "\href{https://en.wikipedia.org/wiki/ATHLETE}{Link}",
	booktitle = {Wikipedia}
}

@inreference{noauthor_curiosity_nodate,
	title = {Curiosity},
	note = "\href{https://en.wikipedia.org/wiki/Curiosity\_(rover)}{Link}",
	booktitle = {Wikipedia}
}

@inreference{noauthor_sophia_nodate,
	title = {Sophia},
	note = "\href{https://en.wikipedia.org/wiki/Sophia\_(robot)}{Link}",
	booktitle = {Wikipedia}
}

@inreference{noauthor_icub_nodate,
	title = {{iCub}},
	note = "\href{https://en.wikipedia.org/wiki/ICub}{Link}",
	booktitle = {Wikipedia}
}

@inreference{noauthor_wakamaru_nodate,
	title = {Wakamaru},
	note = "\href{https://en.wikipedia.org/wiki/Wakamaru}{Link}",
	booktitle = {Wikipedia}
}

@inreference{noauthor_actroid_nodate,
	title = {Actroid},
	note = "\href{https://en.wikipedia.org/wiki/Actroid}{Link}",
	booktitle = {Wikipedia}
}

@inreference{noauthor_robots_nodate-1,
	title = {Robots humanoides},
	note = "\href{https://en.wikipedia.org/wiki/Humanoid\_robot\#Humanoid\_Robots\_portrayed\_in\_21st-century\_films\_and\_television\_shows}{Link}",
	booktitle = {Wikipedia}
}

@inreference{noauthor_aplicaciones_nodate,
	title = {Aplicaciones de la {IA}},
	shorttitle = {https://en.wikipedia.org/wiki/Artificial\_intelligence\\#Applications},
	booktitle = {Wikipedia}
}

@inreference{noauthor_sgr-a1_nodate,
	title = {{SGR}-A1},
	note = "\href{https://en.wikipedia.org/wiki/SGR-A1}{Link}",
	booktitle = {Wikipedia}
}

@article{noauthor_talon_nodate,
	title = {{TALON}},
	note = "\href{https://www.army-technology.com/projects/talon-tracked-military-robot/}{Link}"
}

@inreference{noauthor_guardium_nodate,
	title = {Guardium},
	note = "\href{https://en.wikipedia.org/wiki/Guardium}{Link}",
	booktitle = {Wikipedia}
}

@inreference{noauthor_goalkeeper_nodate,
	title = {Goalkeeper},
	note = "\href{https://en.wikipedia.org/wiki/Goalkeeper\_CIWS}{Link}",
	booktitle = {Wikipedia}
}

@inreference{noauthor_hermes_nodate,
	title = {Hermes 450},
	note = "\href{https://en.wikipedia.org/wiki/Elbit\_Hermes\_450\#Specifications}{Link}",
	booktitle = {Wikipedia}
}

@article{noauthor_ficha_nodate,
	title = {Ficha Comercial Hermes 450},
	note = "\href{http://elbitsystems.com/products/uas/hermes-450/}{Link}"
}

@article{noauthor_descripcion_nodate,
	title = {Descripción Hermes 450},
	note = "\href{https://web.archive.org/web/20070927000651/\\http://www.elbitsystems.com/lobmainpage.asp?id=161}{Link}"
}

@inreference{noauthor_robots_nodate-2,
	title = {Robots Militares},
	note = "\href{https://en.wikipedia.org/wiki/Military\_robot}{Link}",
	booktitle = {Wikipedia}
}

@inreference{noauthor_daksh_nodate,
	title = {Daksh},
	note = "\href{https://en.wikipedia.org/wiki/DRDO\_Daksh}{Link}",
	booktitle = {Wikipedia}
}

% Bibliografia Darío


@online{wolfram_universal_T_machine,
	title = {Universal Turing Machines},
	note = "\href{http://mathworld.wolfram.com/UniversalTuringMachine.html}{Link}"
}

@book{Intro_Automatas,
	title = {Introducción a la Teoría de Autómatas,Lenguajes y Computación},
	volume = {2},
	isbn = {84-782-9056-7},
	publisher = {Addison Wesley},
	author = {John E. Hopcroft, Rajeev Motwani, Jeffrey D. Ullman}
}

@book{Historia_IA,
	title = {Inteligencia Artificial, Inteligencia Computacional y Big Data},
	volume = {1},
	isbn = {8484398919},
	publisher = {Universidad de Jaen},
	author = {Francisco Herrera Triguero}
}

@book{Leonardo,
	title = {The Unkown Leonardo},
	volume = {2},
	isbn = {0070371962},
	publisher = {Hutchinson; Edición: First Edition (1974)
	},
	author = {Ladislao Reti}
}

@online{accidentally_turing_complete,
	title = {Accidentally Turing Complete},
	note = "\href{ http://aurellem.org/vba-clojure/html/total-control.html}{Link}"
}


@article{Conway_game,
	title = {El juego de la vida},
	note = "\href{http://eprints.uwe.ac.uk/22323/1/thesis.pdf}{Link}"
}

@online{accidentally_turing_complete,
	title = {Máquinas Simples},
	note = "\href{https://www.britannica.com/technology/simple-machine}{Link}"
}

@online{accidentally_turing_complete,
	title = {Conceptos varios},
	note = "\href{https://www.wikipedia.com}{Link}"
}

@article{tcp_finite_automata,
	title = {Protocólos de comunicación y AFD's},
	note = "\href{https://www.researchgate.net/publication/277272275_Implementacion_de_un_Protocolo_Basico_de_Comunicacion_BaCoP_sobre_Redes_TCPIP_dedicado_al_Control_en_MicroBlaze}{Enlace de descarga}"
}

@article{habitacion_china,
	title = {La habitación china},
	note = "\href{www.zubiri.org/general/xzreview/2007/pdf/carrio\_07.pdf}{Enlace de descarga}"
}

@online{walter_tortugas,
	title = {Tortugas Walter},
	note = "\href{http://robotics.cs.tamu.edu/dshell/cs643/papers/walter50imitation.pdf}{Link}"
}

@online{accidentally_turing_complete2,
	title = {Máquinas de Turing universales en el juego de la vida},
	note = "\href{https://www.ics.uci.edu/~welling/teaching/271fall09/Turing-Machine-Life.pdf}{Link}"
}

%Bibliografía Alicia
@inreference{noauthor_heron_nodate,
	title = {Herón de Alejandría},
	note = "\href{https://www.ugr.es/~eaznar/heron.htm}{Link}"
}
@inreference{noauthor_heron1_nodate,
	title = {Herón de Alejandría},
	note = "\href{https://www.biografiasyvidas.com/biografia/h/heron.htm}{Link}"
}
@inreference{noauthor_heron2_nodate,
	title = {Herón de Alejandría},
	note = "\href{https://es.wikipedia.org/wiki/Herón_de_Alejandr\%C3\%ADa}{Link}"
}
@inreference{noauthor_inventosGriegos_nodate,
	title = {Invento Griegos},
	note = "\href{https://www.nationalgeographic.com.es/historia/grandes-reportajes/inventos-griegos\_9395/6}{Link}"
}
@inreference{noauthor_puertasAutomaticas_nodate,
	title = {Puertas Automáticas},
	note = "\href{http://www.egiptomania.com/ciencia/puertas.htm}{Link}"
}
@inreference{noauthor_heron3_nodate,
	title = {Herón de Alejandría},
	note = "\href{http://historiautomatas.blogspot.com/2010/06/grecia-iii-heron-de-alejandria.html}{Link}"
}
@inreference{noauthor_historiarobotica_nodate,
	title = {Historia de la Robótica},
	note = "\href{http://scielo.isciii.es/scielo.php?script=sci\_arttext&pid=S0210-48062007000200001}{Link}"
}
@inreference{noauthor_filon_nodate,
	title = {Filón de Bizancio},
	note = "\href{https://es.wikipedia.org/wiki/Filón_de_Bizancio}{Link}"
}
@inreference{noauthor_filon1_nodate,
	title = {Filón de Bizancio},
	note = "\href{http://historiautomatas.blogspot.com/2010/06/grecia-ii-filon-de-bizancio.html}{Link}"
}
@inreference{noauthor_filon2_nodate,
	title = {Filón de Bizancio},
	note = "\href{http://https://books.google.es/books?id=zNlrBAAAQBAJ&pg=PT6&lpg=PT6&dq=camarera+automatica+de+filon+de+bizancio&source=bl&ots=_DHNhHwBq8&sig=JQfvYbMnn96LYanHGf-Sjf6giXY&hl=es&sa=X&ved=2ahUKEwjm3svmuuPeAhULyIUKHZ-gDTMQ6AEwEnoECAMQAQ#v=onepage&q=camarera\%20automatica\%20de\%20filon\%20de\%20bizancio&f=false}{Link}"
}
@inreference{noauthor_magno_nodate,
	title = {Alberto Magno},
	note = "\href{http://www.neferfisicayquimica.com/2008/10/ell-androide-de-alberto-magno.html}{Link}"
}
@inreference{noauthor_magno1_nodate,
	title = {Autómata de Alberto Magno},
	note = "\href{https://es.wikipedia.org/wiki/Automata_(mecanico)\#Alberto_Magnol}{Link}"
}
@inreference{noauthor_sms_nodate,
	title = {Sistemas Mecánicos Simples},
	note = "\href{https://hernandopana.weebly.com/sistemas-mecaacutenicos-simples.html}{Link}"
}
@inreference{noauthor_sms1_nodate,
	title = {Sistemas Mecánicos Simples},
	note = "\href{https://husai-rule.weebly.com/sistemas-mecaacutenicos-simples.html}{Link}"
}
@inreference{noauthor_pascalina_nodate,
	title = {Calculadora Pascalina},
	note = "\href{https://www.ecured.cu/Pascalina}{Link}"
}
@inreference{noauthor_pascalina1_nodate,
	title = {Primera Calculadora},
	note = "\href{https://historiaybiografias.com/primera\_calculadora/}{Link}"
}
@inreference{noauthor_asimov_nodate,
	title = {Isaac Asimov},
	note = "\href{https://es.wikipedia.org/wiki/Isaac\_Asimov}{Link}"
}
@inreference{noauthor_lr_nodate,
	title = {Leyes de la Robótica},
	note = "\href{https://es.wikipedia.org/wiki/Tres\_leyes\_de\_la\_robótica}{Link}"
}
@inreference{noauthor_asimov1_nodate,
	title = {Isaac Asimov},
	note = "\href{https://www.biografiasyvidas.com/biografia/a/asimov.htm}{Link}"
}
@inreference{noauthor_asimov2_nodate,
	title = {Isaac Asimov},
	note = "\href{https://hipertextual.com/2017/01/isaac-asimov-robotica}{Link}"
}
@inreference{noauthor_tg_nodate,
	title = {Tortugas de Grey},
	note = "\href{https://robotsaldetalle.es/noticias/las-tortugas-robot-de-william-grey/}{Link}"
}
@inreference{noauthor_tg1_nodate,
	title = {Tortugas de Grey},
	note = "\href{https://es.wikipedia.org/wiki/William\_Grey\_Walter/}{Link}"
}
@inreference{noauthor_or_nodate,
	title = {Origen de la Robótica},
	note = "\href{http://platea.pntic.mec.es/vgonzale/cyr\_0204/ctrl\_rob/robotica/historia.htm}{Link}"
}
@inreference{noauthor_goertz_nodate,
	title = {Goertz},
	note = "\href{https://en.wikipedia.org/wiki/Raymond\_Goertz}{Link}"
}
@inreference{noauthor_sputnik_nodate,
	title = {Sputnik},
	note = "\href{https://es.wikipedia.org/wiki/Programa\_Sputnik}{Link}"
}
@inreference{noauthor_sputnikk_nodate,
	title = {Sputnik},
	note = "\href{https://www.ecured.cu/Programa\_Sputnik}{Link}"
}
@inreference{noauthor_sputnik1_nodate,
	title = {Sputnik 1},
	note = "\href{https://es.wikipedia.org/wiki/Sputnik\_1}{Link}"
}
@inreference{noauthor_lm_nodate,
	title = {León Mecánico},
	note = "\href{https://blog-italia.com/actualidad/el-leon-mecanico-de-leonardo-un-curioso-automatismo.html}{Link}"
}
@inreference{noauthor_lm1_nodate,
	title = {León Mecánico},
	note = "\href{https://www.neoteo.com/el-leon-mecanico-de-leonardo-da-vinci-creado-para-el-rey-de-francia-en-1515/}{Link}"
}
@inreference{noauthor_ldv_nodate,
	title = {Leonardo da Vinci},
	note = "\href{https://es.wikipedia.org/wiki/Leonardo\_da\_Vinci}{Link}"
}
@inreference{noauthor_ldv1_nodate,
	title = {Leonardo da Vinci},
	note = "\href{https://es.wikipedia.org/wiki/Robot\_de\_Leonardo}{Link}"
}
@inreference{noauthor_rldv_nodate,
	title = {Robot de Leonardo da Vinci},
	note = "\href{https://www.xatakaciencia.com/robotica/el-robot-que-construyo-leonardo-da-vinci}{Link}"
}
@inreference{noauthor_gd_nodate,
	title = {George Devol},
	note = "\href{https://www.ecured.cu/George\_Devol}{Link}"
}
@inreference{noauthor_gd1_nodate,
	title = {George Devol},
	note = "\href{https://es.wikipedia.org/wiki/George\_Devol}{Link}"
}
@inreference{noauthor_gd2_nodate,
	title = {George Devol},
	note = "\href{https://spectrum.ieee.org/automaton/robotics/industrial-robots/george-devol-a-life-devoted-to-invention-and-robots}{Link}"
}
@inreference{noauthor_unimate_nodate,
	title = {Unimate},
	note = "\href{https://www.robotics.org/joseph-engelberger/unimate.cfm}{Link}"
}
@inreference{noauthor_gm_nodate,
	title = {General Motors},
	note = "\href{https://es.wikipedia.org/wiki/General\_Motors}{Link}"
}
@inreference{noauthor_gm1_nodate,
	title = {General Motors},
	note = "\href{https://www.ecured.cu/General\_Motors}{Link}"
}
@inreference{noauthor_gm2_nodate,
	title = {General Motors},
	note = "\href{http://www.autopasion18.com/HISTORIA-GENERAL-MOTORS.htm}{Link}"
}
