@misc{dt1,
	title = "\url{https://www.knime.com/nodeguide/analytics/classification-and-predictive-modelling/decision-tree}",
	year = "Consultado el 27 de Octubre del 2018"
}

@misc{dt2,
	title = "\url{http://stp.lingfil.uu.se/~santinim/ml/2016/Lect_03/Lab02_DecisionTrees.pdf}",
	year = "Consultado el 27 de Octubre del 2018"
}

@misc{j48a,
	title = "\url{http://weka.sourceforge.net/doc.dev/weka/classifiers/trees/J48.html}",
	year = "Consultado el 27 de Octubre del 2018"
}

@misc{gbt1,
	title = "\url{https://www.knime.com/nodeguide/analytics/classification-and-predictive-modelling/gradient-boosted-trees}",
	year = "Consultado el 27 de Octubre del 2018"
}

@misc{gbt2,
	title = "\url{https://nodepit.com/node/org.knime.base.node.mine.treeensemble2.node.gradientboosting.learner.classification.GradientBoostingClassificationLearnerNodeFactory}",
	year = "Consultado el 27 de Octubre del 2018"
}


@misc{rf1,
	title = "\url{https://www.knime.com/nodeguide/analytics/meta-learning/learning-a-random-forest}",
	year = "Consultado el 27 de Octubre del 2018"
}

@misc{rf2,
	title = "\url{https://nodepit.com/node/org.knime.base.node.mine.treeensemble.node.randomforest.learner.classification.RandomForestClassificationLearnerNodeFactory}",
	year = "Consultado el 27 de Octubre del 2018"
}


@misc{nb1,
	title = "\url{https://www.knime.com/nodeguide/analytics/preprocessing/feature-elimination-with-naive-bayes}",
	year = "Consultado el 28 de Octubre del 2018"
}


@misc{nb2,
	title = "\url{https://nodepit.com/node/org.knime.base.node.mine.bayes.naivebayes.learner2.NaiveBayesLearnerNodeFactory3}",
	year = "Consultado el 28 de Octubre del 2018"
}

@misc{knn1,
	title = "\url{https://www.knime.com/nodeguide/community/image-processing/tutorials/application-tutorials/calculations-on-labelings/nearest-neighbor}",
	year = "Consultado el 28 de Octubre del 2018"
}

@misc{knn2,
	title = "\url{https://nodepit.com/node/org.knime.base.node.mine.knn.KnnNodeFactory}",
	year = "Consultado el 28 de Octubre del 2018"
}

@misc{vp,
	title = "\url{https://nodepit.com/node/org.knime.ext.weka37.classifier.WekaClassifierNodeFactory\%23VotedPerceptron\%20(3.7)}",
	year = "Consultado el 28 de Octubre del 2018"
}










